
%
%  $Description: Sample bibliography$ 
% 
%  $Author: ienne $ 
%  $Date: 1995/09/15 15:19:53 $
%  $Revision: 1.3 $
%

@inproceedings{hog,
author = {Navneet Dalal and Bill Triggs},
title = {{Histograms of Oriented Gradients for Human Detection}},
booktitle = {CVPR},
year = {2005}
}

@article{DPM,
author = {Pedro F. Felzenszwalb and Ross B. Girshick and David A. McAllester and Deva Ramanan},
title = {{Object Detection with Discriminatively Trained Part-Based Models}},
journal = {PAMI},
year = {2010},
}

@article{rapidDetection,
author = {Iasonas  Kokkinos},
title = {{Rapid Deformable Object Detection using Dual-Tree Branch-and-Bound}},
journal = {NIPS},
year = {2011},
}
